<?xml version="1.0" encoding="UTF-8"?>
<collection
  xmlns:xsi="http://www.w3.org/2001/XMLSchema-instance"
  xsi:schemaLocation="http://www.loc.gov/MARC21/slim http://www.loc.gov/standards/marcxml/schema/MARC21slim.xsd"
  xmlns="http://www.loc.gov/MARC21/slim">
<record>
  <leader>00614nam a22     1  4500</leader>
  <controlfield tag="001">1527411</controlfield>
  <controlfield tag="008">140318                a         c00eng 2</controlfield>
  <datafield tag="015" ind1=" " ind2=" ">
    <subfield code="a">0386642</subfield>
    <subfield code="b">BIBBI</subfield>
  </datafield>
  <datafield tag="015" ind1=" " ind2=" ">
    <subfield code="a">10063994</subfield>
    <subfield code="b">BibliofilID</subfield>
  </datafield>
  <datafield tag="019" ind1=" " ind2=" ">
    <subfield code="b">l</subfield>
    <subfield code="e">tatbtctdtetftgthtj</subfield>
  </datafield>
  <datafield tag="020" ind1=" " ind2=" ">
    <subfield code="a">978-0-415-85745-1</subfield>
    <subfield code="b">h.</subfield>
    <subfield code="c">Nkr 443.00</subfield>
  </datafield>
  <datafield tag="082" ind1="3" ind2="1">
    <subfield code="a">952</subfield>
    <subfield code="z">h</subfield>
    <subfield code="2">5</subfield>
  </datafield>
  <datafield tag="090" ind1=" " ind2=" ">
    <subfield code="c">952</subfield>
    <subfield code="d">Cri</subfield>
  </datafield>
  <datafield tag="240" ind1="1" ind2=" ">
    <subfield code="p">Original part title</subfield>
  </datafield>
  <datafield tag="245" ind1="0" ind2="0">
    <subfield code="a">Critical issues in contemporary Japan</subfield>
    <subfield code="c">edited by Jeff Kingston</subfield>
    <subfield code="p">First part</subfield>
    <subfield code="n">1</subfield>
  </datafield>
  <datafield tag="250" ind1="0" ind2="0">
    <subfield code="a">2nd edition</subfield>
  </datafield>
  <datafield tag="260" ind1=" " ind2=" ">
    <subfield code="a">London</subfield>
    <subfield code="b">Routledge</subfield>
    <subfield code="c">2014</subfield>
  </datafield>
  <datafield tag="300" ind1=" " ind2=" ">
    <subfield code="a">XV, 309 s.</subfield>
    <subfield code="b">ill.</subfield>
  </datafield>
  <datafield tag="505" ind1=" " ind2=" ">
    <subfield code="a">Har bibliografi, data om bidragsyterne, innholdsfortegnelse, noter, register</subfield>
  </datafield>
  <datafield tag="590" ind1=" " ind2=" ">
    <subfield code="a">14-uke12a</subfield>
  </datafield>
  <datafield tag="599" ind1=" " ind2=" ">
    <subfield code="a">14x0318ug</subfield>
  </datafield>
  <datafield tag="651" ind1=" " ind2="1">
    <subfield code="a">Japan</subfield>
    <subfield code="x">Samfunnsforhold</subfield>
    <subfield code="1">952</subfield>
    <subfield code="4">d5</subfield>
    <subfield code="3">14607100</subfield>
  </datafield>
  <datafield tag="699" ind1=" " ind2="1">
    <subfield code="a">Japan</subfield>
    <subfield code="x">Samfunnsanalyser</subfield>
    <subfield code="1">952</subfield>
    <subfield code="2">BS</subfield>
    <subfield code="9">nob</subfield>
  </datafield>
  <datafield tag="700" ind1=" " ind2="0">
    <subfield code="a">Kingston, Jeff</subfield>
    <subfield code="d">1970-</subfield>
    <subfield code="e">red.</subfield>
    <subfield code="3">2048749800</subfield>
  </datafield>
  <datafield tag="850" ind1=" " ind2=" ">
    <subfield code="a">DEICHM</subfield>
    <subfield code="s">n</subfield>
  </datafield>
  <datafield tag="942" ind1=" " ind2=" ">
    <subfield code="c">L</subfield>
  </datafield>
  <datafield tag="952" ind1=" " ind2=" ">
    <subfield code="a">hutl</subfield>
    <subfield code="b">hutl</subfield>
    <subfield code="l">3</subfield>
    <subfield code="m">1</subfield>
    <subfield code="o">952 Cri</subfield>
    <subfield code="p">03011527411001</subfield>
    <subfield code="q">2014-11-05</subfield>
    <subfield code="t">1</subfield>
    <subfield code="y">L</subfield>
  </datafield>
</record>