
<record>
  <leader>00629cam a22     1  4500</leader>
  <controlfield tag="001">642032</controlfield>
  <controlfield tag="008">041220                a          10nob 2</controlfield>
  <datafield tag="015" ind1=" " ind2=" ">
    <subfield code="a">0150025</subfield>
    <subfield code="b">BIBBI</subfield>
  </datafield>
  <datafield tag="015" ind1=" " ind2=" ">
    <subfield code="a">843166</subfield>
    <subfield code="b">BibliofilID</subfield>
  </datafield>
  <datafield tag="019" ind1=" " ind2=" ">
    <subfield code="a">aa</subfield>
    <subfield code="b">dc,di</subfield>
    <subfield code="d">R</subfield>
  </datafield>
  <datafield tag="020" ind1=" " ind2=" ">
    <subfield code="a">82-421-1586-9</subfield>
    <subfield code="c">Nkr 348.00</subfield>
  </datafield>
  <datafield tag="090" ind1=" " ind2=" ">
    <subfield code="a">dc</subfield>
    <subfield code="b">AVcd</subfield>
    <subfield code="d">Rag</subfield>
  </datafield>
  <datafield tag="100" ind1=" " ind2="0">
    <subfield code="a">Ragde, Anne B.</subfield>
    <subfield code="c">forfatter</subfield>
    <subfield code="d">1957-</subfield>
    <subfield code="j">n.</subfield>
    <subfield code="3">10834700</subfield>
  </datafield>
  <datafield tag="245" ind1="1" ind2="0">
    <subfield code="a">Berlinerpoplene</subfield>
    <subfield code="c">Anne B. Ragde</subfield>
    <subfield code="h">lydopptak</subfield>
  </datafield>
  <datafield tag="260" ind1=" " ind2=" ">
    <subfield code="a">[Melhus]</subfield>
    <subfield code="b">Lydbokforl.</subfield>
    <subfield code="c">2004</subfield>
  </datafield>
  <datafield tag="300" ind1=" " ind2=" ">
    <subfield code="a">7 kompaktplater (8 t, 33 min)</subfield>
    <subfield code="c">i eske 14 x 14 x 3 cm</subfield>
  </datafield>
  <datafield tag="300" ind1=" " ind2=" ">
    <subfield code="b">digital</subfield>
  </datafield>
  <datafield tag="503" ind1=" " ind2=" ">
    <subfield code="a">Forts. i: Eremittkrepsene</subfield>
  </datafield>
  <datafield tag="511" ind1=" " ind2=" ">
    <subfield code="a">Lest av Anders T. Andersen</subfield>
  </datafield>
  <datafield tag="599" ind1=" " ind2=" ">
    <subfield code="a">xlyd 04x1220arj a05-1</subfield>
  </datafield>
  <datafield tag="699" ind1=" " ind2="2">
    <subfield code="a">Familieforhold</subfield>
    <subfield code="x">Fortellinger</subfield>
    <subfield code="1">306.87</subfield>
    <subfield code="2">BS</subfield>
  </datafield>
  <datafield tag="700" ind1=" " ind2="0">
    <subfield code="a">Andersen, Anders T.</subfield>
    <subfield code="j">n.</subfield>
    <subfield code="e">innl.</subfield>
    <subfield code="3">33049800</subfield>
  </datafield>
  <datafield tag="850" ind1=" " ind2=" ">
    <subfield code="a">DEICHM</subfield>
    <subfield code="s">n</subfield>
  </datafield>
  <datafield tag="850" ind1=" " ind2=" ">
    <subfield code="s">n</subfield>
  </datafield>
  <datafield tag="942" ind1=" " ind2=" ">
    <subfield code="c">DC,DI</subfield>
  </datafield>
  <datafield tag="952" ind1=" " ind2=" ">
    <subfield code="a">hutl</subfield>
    <subfield code="b">hutl</subfield>
    <subfield code="l">72</subfield>
    <subfield code="o">dc AVcd Rag</subfield>
    <subfield code="p">03010642032002</subfield>
    <subfield code="t">2</subfield>
    <subfield code="y">DC,DI</subfield>
  </datafield>
  <datafield tag="952" ind1=" " ind2=" ">
    <subfield code="a">hutl</subfield>
    <subfield code="b">hutl</subfield>
    <subfield code="l">78</subfield>
    <subfield code="o">dc AVcd Rag</subfield>
    <subfield code="p">03010642032007</subfield>
    <subfield code="t">7</subfield>
    <subfield code="y">DC,DI</subfield>
  </datafield>
  <datafield tag="952" ind1=" " ind2=" ">
    <subfield code="a">hutl</subfield>
    <subfield code="b">hutl</subfield>
    <subfield code="l">98</subfield>
    <subfield code="o">dc AVcd Rag</subfield>
    <subfield code="p">03010642032008</subfield>
    <subfield code="t">8</subfield>
    <subfield code="y">DC,DI</subfield>
  </datafield>
  <datafield tag="952" ind1=" " ind2=" ">
    <subfield code="a">fbol</subfield>
    <subfield code="b">fbol</subfield>
    <subfield code="l">39</subfield>
    <subfield code="o">dc AVcd Rag</subfield>
    <subfield code="p">03010642032022</subfield>
    <subfield code="q">2009-03-10</subfield>
    <subfield code="t">22</subfield>
    <subfield code="y">DC,DI</subfield>
  </datafield>
  <datafield tag="952" ind1=" " ind2=" ">
    <subfield code="a">fnor</subfield>
    <subfield code="b">fnor</subfield>
    <subfield code="l">32</subfield>
    <subfield code="o">dc AVcd Rag</subfield>
    <subfield code="p">03010642032024</subfield>
    <subfield code="t">24</subfield>
    <subfield code="y">DC,DI</subfield>
  </datafield>
  <datafield tag="952" ind1=" " ind2=" ">
    <subfield code="a">fopp</subfield>
    <subfield code="b">fopp</subfield>
    <subfield code="l">45</subfield>
    <subfield code="o">dc AVcd Rag</subfield>
    <subfield code="p">03010642032025</subfield>
    <subfield code="t">25</subfield>
    <subfield code="y">DC,DI</subfield>
  </datafield>
  <datafield tag="952" ind1=" " ind2=" ">
    <subfield code="a">fgry</subfield>
    <subfield code="b">fgry</subfield>
    <subfield code="l">60</subfield>
    <subfield code="o">dc AVcd Rag</subfield>
    <subfield code="p">03010642032026</subfield>
    <subfield code="t">26</subfield>
    <subfield code="y">DC,DI</subfield>
    <subfield code="1">8</subfield>
  </datafield>
  <datafield tag="952" ind1=" " ind2=" ">
    <subfield code="a">from</subfield>
    <subfield code="b">from</subfield>
    <subfield code="l">24</subfield>
    <subfield code="o">dc AVcd Rag</subfield>
    <subfield code="p">03010642032027</subfield>
    <subfield code="t">27</subfield>
    <subfield code="y">DC,DI</subfield>
  </datafield>
  <datafield tag="952" ind1=" " ind2=" ">
    <subfield code="a">hutl</subfield>
    <subfield code="b">hutl</subfield>
    <subfield code="l">19</subfield>
    <subfield code="o">dc AVcd Rag</subfield>
    <subfield code="p">03010642032030</subfield>
    <subfield code="t">30</subfield>
    <subfield code="y">DC,DI</subfield>
  </datafield>
  <datafield tag="952" ind1=" " ind2=" ">
    <subfield code="a">ftor</subfield>
    <subfield code="b">ftor</subfield>
    <subfield code="l">32</subfield>
    <subfield code="o">dc AVcd Rag</subfield>
    <subfield code="p">03010642032031</subfield>
    <subfield code="q">2015-08-13</subfield>
    <subfield code="t">31</subfield>
    <subfield code="y">DC,DI</subfield>
  </datafield>
  <datafield tag="952" ind1=" " ind2=" ">
    <subfield code="a">froa</subfield>
    <subfield code="b">froa</subfield>
    <subfield code="l">35</subfield>
    <subfield code="o">dc AVcd Rag</subfield>
    <subfield code="p">03010642032032</subfield>
    <subfield code="q">2015-08-18</subfield>
    <subfield code="t">32</subfield>
    <subfield code="y">DC,DI</subfield>
  </datafield>
  <datafield tag="952" ind1=" " ind2=" ">
    <subfield code="a">fbju</subfield>
    <subfield code="b">fbju</subfield>
    <subfield code="l">2</subfield>
    <subfield code="o">dc AVcd Rag</subfield>
    <subfield code="p">03010642032033</subfield>
    <subfield code="t">33</subfield>
    <subfield code="y">DC,DI</subfield>
    <subfield code="1">1</subfield>
  </datafield>
  <datafield tag="952" ind1=" " ind2=" ">
    <subfield code="a">fbol</subfield>
    <subfield code="b">fbol</subfield>
    <subfield code="l">6</subfield>
    <subfield code="o">dc AVcd Rag</subfield>
    <subfield code="p">03010642032034</subfield>
    <subfield code="t">34</subfield>
    <subfield code="y">DC,DI</subfield>
  </datafield>
  <datafield tag="952" ind1=" " ind2=" ">
    <subfield code="a">frmm</subfield>
    <subfield code="b">frmm</subfield>
    <subfield code="l">0</subfield>
    <subfield code="o">dc AVcd Rag</subfield>
    <subfield code="p">03010642032035</subfield>
    <subfield code="t">35</subfield>
    <subfield code="y">DC,DI</subfield>
  </datafield>
  <datafield tag="952" ind1=" " ind2=" ">
    <subfield code="a">froa</subfield>
    <subfield code="b">froa</subfield>
    <subfield code="l">19</subfield>
    <subfield code="m">1</subfield>
    <subfield code="o">dc AVcd Rag</subfield>
    <subfield code="p">03010642032036</subfield>
    <subfield code="q">2015-09-02</subfield>
    <subfield code="t">36</subfield>
    <subfield code="y">DC,DI</subfield>
  </datafield>
  <datafield tag="952" ind1=" " ind2=" ">
    <subfield code="a">fbje</subfield>
    <subfield code="b">fbje</subfield>
    <subfield code="l">10</subfield>
    <subfield code="o">dc AVcd Rag</subfield>
    <subfield code="p">03010642032037</subfield>
    <subfield code="q">2015-09-02</subfield>
    <subfield code="t">37</subfield>
    <subfield code="y">DC,DI</subfield>
  </datafield>
  <datafield tag="952" ind1=" " ind2=" ">
    <subfield code="a">fnyd</subfield>
    <subfield code="b">fnyd</subfield>
    <subfield code="l">0</subfield>
    <subfield code="o">dc AVcd Rag</subfield>
    <subfield code="p">03010642032038</subfield>
    <subfield code="t">38</subfield>
    <subfield code="y">DC,DI</subfield>
  </datafield>
</record>