
<record>
  <leader>00463nam a22     1  4500</leader>
  <controlfield tag="001">1549895</controlfield>
  <controlfield tag="008">140404                a          10ita  </controlfield>
  <datafield tag="015" ind1=" " ind2=" ">
    <subfield code="a">10075836</subfield>
    <subfield code="b">BibliofilID</subfield>
  </datafield>
  <datafield tag="019" ind1=" " ind2=" ">
    <subfield code="a">a</subfield>
    <subfield code="b">l</subfield>
    <subfield code="d">R</subfield>
  </datafield>
  <datafield tag="020" ind1=" " ind2=" ">
    <subfield code="a">978-88-545-0662-6</subfield>
    <subfield code="b">h.</subfield>
  </datafield>
  <datafield tag="041" ind1=" " ind2=" ">
    <subfield code="h">nob</subfield>
  </datafield>
  <datafield tag="090" ind1=" " ind2=" ">
    <subfield code="c">ITA</subfield>
    <subfield code="d">Rag</subfield>
  </datafield>
  <datafield tag="100" ind1=" " ind2="0">
    <subfield code="a">Ragde, Anne B.</subfield>
    <subfield code="c">forfatter</subfield>
    <subfield code="d">1957-</subfield>
    <subfield code="j">n.</subfield>
    <subfield code="3">10834700</subfield>
  </datafield>
  <datafield tag="240" ind1="1" ind2="0">
    <subfield code="a">Berlinerpoplene</subfield>
  </datafield>
  <datafield tag="245" ind1="1" ind2="0">
    <subfield code="a">La casa delle bugie</subfield>
    <subfield code="c">Anne B. Ragde ; traduzione di Cristina Falcinella</subfield>
  </datafield>
  <datafield tag="260" ind1=" " ind2=" ">
    <subfield code="a">Vicenza</subfield>
    <subfield code="b">Neri Pozza</subfield>
    <subfield code="c">2013</subfield>
  </datafield>
  <datafield tag="300" ind1=" " ind2=" ">
    <subfield code="a">316 s.</subfield>
  </datafield>
  <datafield tag="574" ind1=" " ind2=" ">
    <subfield code="a">Originaltittel: Berlinerpoplene</subfield>
  </datafield>
  <datafield tag="590" ind1=" " ind2=" ">
    <subfield code="a">14-uke</subfield>
  </datafield>
  <datafield tag="599" ind1=" " ind2=" ">
    <subfield code="a">14x0404lp</subfield>
  </datafield>
  <datafield tag="850" ind1=" " ind2=" ">
    <subfield code="a">DEICHM</subfield>
    <subfield code="s">n</subfield>
  </datafield>
  <datafield tag="942" ind1=" " ind2=" ">
    <subfield code="c">L</subfield>
  </datafield>
  <datafield tag="952" ind1=" " ind2=" ">
    <subfield code="a">hutl</subfield>
    <subfield code="b">hutl</subfield>
    <subfield code="l">5</subfield>
    <subfield code="o">ITA Rag</subfield>
    <subfield code="p">03011549895001</subfield>
    <subfield code="t">1</subfield>
    <subfield code="y">L</subfield>
  </datafield>
</record>