
<record>
  <leader>01510cam a22     1  4500</leader>
  <controlfield tag="001">777611</controlfield>
  <controlfield tag="008">080103                a          10mul 2</controlfield>
  <datafield tag="015" ind1=" " ind2=" ">
    <subfield code="a">0186519</subfield>
    <subfield code="b">BIBBI</subfield>
  </datafield>
  <datafield tag="015" ind1=" " ind2=" ">
    <subfield code="a">958474</subfield>
    <subfield code="b">BibliofilID</subfield>
  </datafield>
  <datafield tag="019" ind1=" " ind2=" ">
    <subfield code="a">b</subfield>
    <subfield code="b">ee</subfield>
  </datafield>
  <datafield tag="020" ind1=" " ind2=" ">
    <subfield code="c">Nkr 172.00</subfield>
  </datafield>
  <datafield tag="025" ind1=" " ind2=" ">
    <subfield code="a">8717418132590</subfield>
  </datafield>
  <datafield tag="041" ind1=" " ind2=" ">
    <subfield code="a">nob</subfield>
    <subfield code="b">nob</subfield>
  </datafield>
  <datafield tag="090" ind1=" " ind2=" ">
    <subfield code="a">ee</subfield>
    <subfield code="b">AVdvd</subfield>
    <subfield code="d">Ber</subfield>
  </datafield>
  <datafield tag="240" ind1="1" ind2="0">
    <subfield code="a">Berlinerpoplene</subfield>
  </datafield>
  <datafield tag="245" ind1="0" ind2="0">
    <subfield code="a">Berlinerpoplene</subfield>
    <subfield code="c">regi: Anders T. Andersen og Sirin Eide ; manus: Anne Regine Klovholt, Anders T. Andersen og Åse Vikene</subfield>
    <subfield code="h">video DVD</subfield>
  </datafield>
  <datafield tag="250" ind1=" " ind2=" ">
    <subfield code="a">2-diskutg</subfield>
  </datafield>
  <datafield tag="260" ind1=" " ind2=" ">
    <subfield code="a">Oslo</subfield>
    <subfield code="b">Buena Vista Home Entertainment</subfield>
    <subfield code="c">2007</subfield>
  </datafield>
  <datafield tag="300" ind1=" " ind2=" ">
    <subfield code="a">2 DVD'er (5 t)</subfield>
    <subfield code="b">lyd, kol.</subfield>
  </datafield>
  <datafield tag="500" ind1=" " ind2=" ">
    <subfield code="a">Basert på romanene: Berlinerpoplene ; Eremittkrepsene / Anne B. Ragde</subfield>
  </datafield>
  <datafield tag="500" ind1=" " ind2=" ">
    <subfield code="a">Serien er tidligere vist på NRK</subfield>
  </datafield>
  <datafield tag="503" ind1=" " ind2=" ">
    <subfield code="a">Produksjonsår: 2007</subfield>
  </datafield>
  <datafield tag="511" ind1=" " ind2=" ">
    <subfield code="a">I rollene: Bjørn Sundquist, Nils Sletta, Andrine Sæther m.fl.</subfield>
  </datafield>
  <datafield tag="521" ind1=" " ind2=" ">
    <subfield code="a">Tillatt for alle</subfield>
  </datafield>
  <datafield tag="546" ind1=" " ind2=" ">
    <subfield code="a">Norsk tale og tekst</subfield>
  </datafield>
  <datafield tag="574" ind1=" " ind2=" ">
    <subfield code="a">Originaltittel: Berlinerpoplene</subfield>
  </datafield>
  <datafield tag="590" ind1=" " ind2=" ">
    <subfield code="a">07-uke51a</subfield>
  </datafield>
  <datafield tag="599" ind1=" " ind2=" ">
    <subfield code="a">08x0103sn</subfield>
  </datafield>
  <datafield tag="655" ind1=" " ind2="2">
    <subfield code="a">Filmatisert bok</subfield>
    <subfield code="3">2044286900</subfield>
  </datafield>
  <datafield tag="655" ind1=" " ind2="2">
    <subfield code="a">Filmer</subfield>
    <subfield code="x">Drama</subfield>
    <subfield code="3">2040525300</subfield>
  </datafield>
  <datafield tag="655" ind1=" " ind2="2">
    <subfield code="a">TV-serier, Norske</subfield>
    <subfield code="3">35731500</subfield>
  </datafield>
  <datafield tag="699" ind1=" " ind2="2">
    <subfield code="a">Familieforhold</subfield>
    <subfield code="x">Fjernsynsserier</subfield>
    <subfield code="1">306.87</subfield>
    <subfield code="2">BS</subfield>
    <subfield code="9">nob</subfield>
  </datafield>
  <datafield tag="700" ind1=" " ind2="0">
    <subfield code="a">Andersen, Anders T.</subfield>
    <subfield code="j">n.</subfield>
    <subfield code="e">regissør</subfield>
    <subfield code="3">33049800</subfield>
  </datafield>
  <datafield tag="700" ind1=" " ind2="0">
    <subfield code="a">Eide, Sirin</subfield>
    <subfield code="d">1961-</subfield>
    <subfield code="j">n.</subfield>
    <subfield code="e">regissør</subfield>
    <subfield code="3">15746900</subfield>
  </datafield>
  <datafield tag="700" ind1=" " ind2="0">
    <subfield code="a">Klovholt, Anne Regine</subfield>
    <subfield code="j">n.</subfield>
    <subfield code="e">manusforf.</subfield>
    <subfield code="3">2040316300</subfield>
  </datafield>
  <datafield tag="700" ind1=" " ind2="0">
    <subfield code="a">Ragde, Anne B.</subfield>
    <subfield code="c">forfatter</subfield>
    <subfield code="d">1957-</subfield>
    <subfield code="j">n.</subfield>
    <subfield code="e">forf.</subfield>
    <subfield code="t">Berlinerpoplene</subfield>
    <subfield code="3">10834700</subfield>
  </datafield>
  <datafield tag="700" ind1=" " ind2="0">
    <subfield code="a">Ragde, Anne B.</subfield>
    <subfield code="c">forfatter</subfield>
    <subfield code="d">1957-</subfield>
    <subfield code="j">n.</subfield>
    <subfield code="e">forf.</subfield>
    <subfield code="t">Eremittkrepsene</subfield>
    <subfield code="3">10834700</subfield>
  </datafield>
  <datafield tag="700" ind1=" " ind2="0">
    <subfield code="a">Sletta, Nils</subfield>
    <subfield code="j">n.</subfield>
    <subfield code="e">skuesp.</subfield>
    <subfield code="3">2040316400</subfield>
  </datafield>
  <datafield tag="700" ind1=" " ind2="0">
    <subfield code="a">Sundquist, Bjørn</subfield>
    <subfield code="d">1948-</subfield>
    <subfield code="j">n.</subfield>
    <subfield code="e">skuesp.</subfield>
    <subfield code="3">32486000</subfield>
  </datafield>
  <datafield tag="700" ind1=" " ind2="0">
    <subfield code="a">Sæther, Andrine</subfield>
    <subfield code="d">1964-</subfield>
    <subfield code="j">n.</subfield>
    <subfield code="e">skuesp.</subfield>
    <subfield code="3">32895700</subfield>
  </datafield>
  <datafield tag="700" ind1=" " ind2="0">
    <subfield code="a">Vikene, Åse</subfield>
    <subfield code="j">n.</subfield>
    <subfield code="e">manusforf.</subfield>
    <subfield code="3">34846900</subfield>
  </datafield>
  <datafield tag="850" ind1=" " ind2=" ">
    <subfield code="a">DEICHM</subfield>
    <subfield code="s">n</subfield>
  </datafield>
  <datafield tag="942" ind1=" " ind2=" ">
    <subfield code="c">EE</subfield>
  </datafield>
  <datafield tag="952" ind1=" " ind2=" ">
    <subfield code="a">frik</subfield>
    <subfield code="b">frik</subfield>
    <subfield code="l">40</subfield>
    <subfield code="o">ee AVdvd Ber</subfield>
    <subfield code="p">03010777611003</subfield>
    <subfield code="t">3</subfield>
    <subfield code="y">EE</subfield>
    <subfield code="z">FOR PASIENTE</subfield>
    <subfield code="5">2</subfield>
  </datafield>
  <datafield tag="952" ind1=" " ind2=" ">
    <subfield code="a">fhol</subfield>
    <subfield code="b">fhol</subfield>
    <subfield code="c">Bok &amp; film</subfield>
    <subfield code="l">84</subfield>
    <subfield code="o">ee AVdvd Ber</subfield>
    <subfield code="p">03010777611005</subfield>
    <subfield code="q">2013-03-25</subfield>
    <subfield code="t">5</subfield>
    <subfield code="y">EE</subfield>
  </datafield>
  <datafield tag="952" ind1=" " ind2=" ">
    <subfield code="a">fopp</subfield>
    <subfield code="b">fopp</subfield>
    <subfield code="c">160/07</subfield>
    <subfield code="l">60</subfield>
    <subfield code="o">ee AVdvd Ber</subfield>
    <subfield code="p">03010777611007</subfield>
    <subfield code="t">7</subfield>
    <subfield code="y">EE</subfield>
  </datafield>
  <datafield tag="952" ind1=" " ind2=" ">
    <subfield code="a">fbje</subfield>
    <subfield code="b">fbje</subfield>
    <subfield code="c">07/260 a+b</subfield>
    <subfield code="l">85</subfield>
    <subfield code="o">ee AVdvd Ber</subfield>
    <subfield code="p">03010777611008</subfield>
    <subfield code="t">8</subfield>
    <subfield code="y">EE</subfield>
  </datafield>
  <datafield tag="952" ind1=" " ind2=" ">
    <subfield code="a">fbjo</subfield>
    <subfield code="b">fbjo</subfield>
    <subfield code="c">V m</subfield>
    <subfield code="l">29</subfield>
    <subfield code="o">ee AVdvd Ber</subfield>
    <subfield code="p">03010777611010</subfield>
    <subfield code="t">10</subfield>
    <subfield code="y">EE</subfield>
  </datafield>
  <datafield tag="952" ind1=" " ind2=" ">
    <subfield code="a">flam</subfield>
    <subfield code="b">flam</subfield>
    <subfield code="c">SERIE</subfield>
    <subfield code="l">80</subfield>
    <subfield code="o">ee AVdvd Ber</subfield>
    <subfield code="p">03010777611012</subfield>
    <subfield code="t">12</subfield>
    <subfield code="y">EE</subfield>
  </datafield>
  <datafield tag="952" ind1=" " ind2=" ">
    <subfield code="a">ffur</subfield>
    <subfield code="b">ffur</subfield>
    <subfield code="c">Ber</subfield>
    <subfield code="l">82</subfield>
    <subfield code="o">ee AVdvd Ber</subfield>
    <subfield code="p">03010777611015</subfield>
    <subfield code="t">15</subfield>
    <subfield code="y">EE</subfield>
  </datafield>
  <datafield tag="952" ind1=" " ind2=" ">
    <subfield code="a">ftor</subfield>
    <subfield code="b">ftor</subfield>
    <subfield code="c">324A</subfield>
    <subfield code="l">128</subfield>
    <subfield code="o">ee AVdvd Ber</subfield>
    <subfield code="p">03010777611016</subfield>
    <subfield code="q">2014-10-29</subfield>
    <subfield code="t">16</subfield>
    <subfield code="y">EE</subfield>
  </datafield>
  <datafield tag="952" ind1=" " ind2=" ">
    <subfield code="a">fgam</subfield>
    <subfield code="b">fgam</subfield>
    <subfield code="c">NOR/13</subfield>
    <subfield code="l">117</subfield>
    <subfield code="o">ee AVdvd Ber</subfield>
    <subfield code="p">03010777611017</subfield>
    <subfield code="t">17</subfield>
    <subfield code="y">EE</subfield>
  </datafield>
  <datafield tag="952" ind1=" " ind2=" ">
    <subfield code="a">fnor</subfield>
    <subfield code="b">fnor</subfield>
    <subfield code="c">NOR/405</subfield>
    <subfield code="l">45</subfield>
    <subfield code="o">ee AVdvd Ber</subfield>
    <subfield code="p">03010777611019</subfield>
    <subfield code="t">19</subfield>
    <subfield code="y">EE</subfield>
  </datafield>
  <datafield tag="952" ind1=" " ind2=" ">
    <subfield code="a">hutl</subfield>
    <subfield code="b">hutl</subfield>
    <subfield code="c">Norsk</subfield>
    <subfield code="l">40</subfield>
    <subfield code="o">ee AVdvd Ber</subfield>
    <subfield code="p">03010777611021</subfield>
    <subfield code="t">21</subfield>
    <subfield code="y">EE</subfield>
  </datafield>
  <datafield tag="952" ind1=" " ind2=" ">
    <subfield code="a">hutl</subfield>
    <subfield code="b">hutl</subfield>
    <subfield code="c">Norsk</subfield>
    <subfield code="l">5</subfield>
    <subfield code="o">ee AVdvd Ber</subfield>
    <subfield code="p">03010777611022</subfield>
    <subfield code="t">22</subfield>
    <subfield code="y">EE</subfield>
  </datafield>
  <datafield tag="952" ind1=" " ind2=" ">
    <subfield code="a">fbol</subfield>
    <subfield code="b">fbol</subfield>
    <subfield code="l">6</subfield>
    <subfield code="o">ee AVdvd Ber</subfield>
    <subfield code="p">03010777611023</subfield>
    <subfield code="t">23</subfield>
    <subfield code="y">EE</subfield>
  </datafield>
  <datafield tag="952" ind1=" " ind2=" ">
    <subfield code="a">froa</subfield>
    <subfield code="b">froa</subfield>
    <subfield code="c">TV-serier</subfield>
    <subfield code="l">2</subfield>
    <subfield code="o">ee AVdvd Ber</subfield>
    <subfield code="p">03010777611024</subfield>
    <subfield code="t">24</subfield>
    <subfield code="y">EE</subfield>
  </datafield>
</record>