
<record>
  <leader>00627cam a22     1  4500</leader>
  <controlfield tag="001">379371</controlfield>
  <controlfield tag="007"></controlfield>
  <controlfield tag="008">920916                a          0 nob  </controlfield>
  <datafield tag="015" ind1=" " ind2=" ">
    <subfield code="a">397475</subfield>
    <subfield code="b">BibliofilID</subfield>
  </datafield>
  <datafield tag="019" ind1=" " ind2=" ">
    <subfield code="a">bu</subfield>
    <subfield code="b">l</subfield>
  </datafield>
  <datafield tag="082" ind1=" " ind2=" ">
    <subfield code="a">581.6</subfield>
  </datafield>
  <datafield tag="082" ind1="3" ind2=" ">
    <subfield code="a">641.3</subfield>
  </datafield>
  <datafield tag="090" ind1=" " ind2=" ">
    <subfield code="c">641.3</subfield>
    <subfield code="d">Gra</subfield>
  </datafield>
  <datafield tag="100" ind1=" " ind2="0">
    <subfield code="a">Grahl-Nielsen, Thora</subfield>
    <subfield code="d">1901-</subfield>
    <subfield code="j">n.</subfield>
    <subfield code="3">26452400</subfield>
  </datafield>
  <datafield tag="245" ind1="1" ind2="0">
    <subfield code="a">Ugress er ogsaa mat</subfield>
    <subfield code="b">opskrifter og aktuelle surrogater av ville vekster</subfield>
    <subfield code="c">[Av] Thora Grahl-Nielsen [og] Astrid Karlsen</subfield>
  </datafield>
  <datafield tag="260" ind1=" " ind2=" ">
    <subfield code="a">Bergen</subfield>
    <subfield code="b">Grieg</subfield>
    <subfield code="c">1941</subfield>
  </datafield>
  <datafield tag="300" ind1=" " ind2=" ">
    <subfield code="a">64 s.</subfield>
    <subfield code="b">ill.</subfield>
  </datafield>
  <datafield tag="500" ind1=" " ind2=" ">
    <subfield code="a">"Litteratur": s. 64.</subfield>
  </datafield>
  <datafield tag="599" ind1=" " ind2=" ">
    <subfield code="a">r92 xagnar0916</subfield>
  </datafield>
  <datafield tag="650" ind1=" " ind2="1">
    <subfield code="a">Urter</subfield>
    <subfield code="q">Ville urter</subfield>
    <subfield code="x">Matvarer</subfield>
    <subfield code="1">641.35</subfield>
    <subfield code="3">31866700</subfield>
  </datafield>
  <datafield tag="650" ind1=" " ind2="2">
    <subfield code="a">Matlaging</subfield>
    <subfield code="x">Norge</subfield>
    <subfield code="x">Historie</subfield>
    <subfield code="x">Verdenskrigen 1939-1945</subfield>
    <subfield code="1">641.509481</subfield>
    <subfield code="3">31654400</subfield>
  </datafield>
  <datafield tag="700" ind1=" " ind2=" ">
    <subfield code="a">Karlsen, Astrid</subfield>
    <subfield code="d">1889-</subfield>
    <subfield code="j">n.</subfield>
    <subfield code="3">26452500</subfield>
  </datafield>
  <datafield tag="850" ind1=" " ind2=" ">
    <subfield code="a">DEICHM</subfield>
    <subfield code="s">n</subfield>
  </datafield>
  <datafield tag="942" ind1=" " ind2=" ">
    <subfield code="c">L</subfield>
  </datafield>
  <datafield tag="952" ind1=" " ind2=" ">
    <subfield code="a">hutl</subfield>
    <subfield code="b">hutl</subfield>
    <subfield code="c">m</subfield>
    <subfield code="l">8</subfield>
    <subfield code="o">641.3 Gra</subfield>
    <subfield code="p">03010379371001</subfield>
    <subfield code="t">1</subfield>
    <subfield code="y">L</subfield>
  </datafield>
  <datafield tag="952" ind1=" " ind2=" ">
    <subfield code="a">hutl</subfield>
    <subfield code="b">hutl</subfield>
    <subfield code="c">m</subfield>
    <subfield code="l">14</subfield>
    <subfield code="o">641.3 Gra</subfield>
    <subfield code="p">03010379371002</subfield>
    <subfield code="t">2</subfield>
    <subfield code="y">L</subfield>
    <subfield code="1">11</subfield>
  </datafield>
</record>
<record>
    <leader>00627cam a22 1 4500</leader>
    <controlfield tag="001">379371</controlfield>
    <controlfield tag="008">140318                a          0aeng 2</controlfield>
    <datafield tag="019" ind1=" " ind2=" ">
        <subfield code="a">u,mu</subfield>
    </datafield>
</record>
</collection>